@article{testsuite2,
  title={Statistical testing of cryptographic randomness},
  author={Demirhan, Haydar and Bitirim, Nihan},
  journal={Journal of Statisticians: Statistics and Actuarial Sciences},
  volume={9},
  number={1},
  pages={1--11},
  year={2016},
  publisher={Aktuerya Dernegi}
}